## Place biblatex entries here.
@book{nielsen2015neural,
  title={Neural networks and deep learning},
  author={Nielsen, Michael A},
  volume={25},
  year={2015},
  publisher={Determination press San Francisco, CA, USA}
}

@techreport{rosenblatt1961principles,
  title={Principles of neurodynamics. perceptrons and the theory of brain mechanisms},
  author={Rosenblatt, Frank},
  year={1961},
  institution={Cornell Aeronautical Lab Inc Buffalo NY}
}

@article{greff2016lstm,
  title={LSTM: A search space odyssey},
  author={Greff, Klaus and Srivastava, Rupesh K and Koutnik, Jan and Steunebrink, Bas R and Schmidhuber, J{\"u}rgen},
  journal={IEEE transactions on neural networks and learning systems},
  volume={28},
  number={10},
  pages={2222--2232},
  year={2016},
  publisher={IEEE}
}

@book{bishop2006pattern,
  title     = {Pattern recognition and machine learning},
  author    = {Bishop, Christopher M},
  year      = {2006},
  publisher = {springer}
}

@misc{CS231n,
  title = {Data-preprocessing},
  autor = {Fei-Fei, Li and et al.},
  year = {2023},
  howpublished = {\url{https://cs231n.github.io/neural-networks-2/}},
  note = {Accessed: 2023-03-26}
}